%%%%%%%%%%%%%%%%%%%%%%%%%%%%%%%%%%%%
%reference example:
%   
    %title     = 'titulo',
    %author    = 'autor',
    %publisher = 'publisher',
    %address   = 'direccion',
    %edition   = 'edicion',
    %year      = 'anio',
    %keywords  = 'secondary' -> only cites
%
%%%%%%%%%%%%%%%%%%%%%%%%%%%%%%%%%%%%

@online{Github,
    title     = {MATII111 - Respository},
    author    = {Matii111},
    publisher = {GitHub},
    year = {2023},
    url = {https://github.com/Matii111},
}

@online{WikipediaTSP,
    title     = {Problema del viajante},
    author    = {Anónimo},
    publisher = {Wikipedia},
    year = {2023},
    url = {https://shorturl.at/jnrD8},
    secondary = {secondary}
}
@online{np,
    title = {NP=P: From Polynomial Time Approximation Bounded Solutions of TSP},
    author    = {Tian, Wenhong},
    publisher = {ResearchGate},
    year = {2016},
    url = {https://shorturl.at/emOQ8},
    secondary = {secondary}
}

@online{ACO,
    title = {Optimización por colonia de hormigas: aplicaciones y tendencias},
    author    = {Carlos Arturo Robles Algarin},
    publisher = {ResearchGate},
    year = {2010},
    url ={https://shorturl.at/cpzCS},
    secondary = {secondary}
}

@online{ACOTRANSPORTE,
    title = {Algoritmo basado en la optimización mediante colonias de hormigas para la resolución del problema del transporte de carga desde varios orígenes a varios destinos},
    author = {Barcos, Lucía and Rodríguez, Victoria M. and Álvarez, Mª Jesús and Robusté, Francesc},
    publisher = {ResearchGate},
    year = {2002},
    url ={https://shorturl.at/cnJX2},
    secondary = {secondary}
}


@online{SAINFO,
    title     = {Propuesta y validación de un algoritmo Simulated annealing modificado para la solución de problemas de optimizaciónProposal and validation of a modified Simulated annealing algorithm for solving optimization problems},
    author    = {C.Millán Páramo and O.Begambre Carrillo and E.Millán Romero},
    publisher = {ScienceDirect},
    year = {2013},
    url = {https://shorturl.at/ikFN0},
    secondary = {secondary}
}

@online{GRASPGUILLOTINA,
    title     = {Algoritmo GRASP para cortes de guillotina},
    author    = {María Ruiz Rivera and Edgar Ruiz Lizama},
    publisher = {Redalyc},
    year = {2006},
    url = {https://shorturl.at/dm358},
    secondary = {secondary}
}

@online{GRASPFINANCIERO,
    title     = {Resolución del problema de selección de variable cuantitativas mediante GRASP. Aplicación a ratios financieros},
    author    = {Olga Gómez and Silvia Casado and Laura Núñez and Joaquín Pacheco},
    publisher = {Dpto. Economía Aplicada. Universidad de Burgos},
    year = {2011},
    url = {https://shorturl.at/civzR},
    secondary = {secondary}
}

@online{METODOSGRASP,
    title     = {TEMA 5. Métodos Basados en Trayectorias Múltiples I: Métodos Multiarranque Básicos y GRASP},
    author    = {sci2.ugr.es},
    publisher = {sci2.ugr.es},
    year = {2013},
    url = {https://shorturl.at/bglH6},
    secondary = {secondary}
}

@online{RepoTSP,
    title     = {Proyecto de asignatura - Investigación Traveling Salesman Problem (TSP)},
    author    = {Matii111},
    publisher = {GITHUB},
    year = {2023},
    url = {https://shorturl.at/esRZ0},
    secondary ={secondary}
}
@online{KeepCoding,
    title     = {Los paradigmas de programacion},
    author    = {KEEPCODING},
    publisher = {KEEPCODING},
    year = {2023},
    url = {https://shorturl.at/pqxG0},
    secondary = {secondary}
}https://shorturl.at/tEFQV

@online{GPTPARADIGMAS,
    title     = {ChatGPT-Paradigmas},
    author    = {ChatGPT},
    publisher = {ChatGPT},
    year = {2023},
    url = {https://shorturl.at/tEFQV},
    secondary = {secondary}
}
@online{ULTIMAMILLACOMPORTAMIENTOS,
    title     = {COMPORTAMIENTOS LOGÍSTICOS EN LA DISTRIBUCIÓN DE ÚLTIMA MILLA DE PRODUCTOS ALIMENTICIOS EN VILLAVICENCIO, COLOMBIA},
    author    = {Adarme Jaimes and Wilson and Arango Serna and Martín Darío and Cárdenas and Iván Darío.},
    publisher = {ChatGPT},
    year = {2014},
    url = {https://shorturl.at/lsD23},
    pages = {20},
    secondary = {secondary}
}

https://repositorio.usm.cl/bitstream/handle/11673/49883/3560903501434UTFSM.pdf?sequence=1&isAllowed=y

@online{ULTIMAMILLACHILE,
    title     = {LA ÚLTIMA MILLA: ANÁLISIS Y
DESARROLLO DE ESCENARIOS FUTUROS.},
    author    = {ESTAY GONZÁLEZ and ISRAEL ANTONIO},
    publisher = {Peumo Repositorio Digital USM},
    year = {2020},
    url = {https://shorturl.at/gkrO5},
    pages = {19},
    secondary = {secondary}
}